@book{richardson2008restful,
  title={RESTful web services},
  author={Richardson, Leonard and Ruby, Sam},
  year={2008},
  publisher={" O'Reilly Media, Inc."}
}

@article{rodriguez2008restful,
  title={Restful web services: The basics},
  author={Rodriguez, Alex},
  journal={IBM developerWorks},
  volume={33},
  pages={18},
  year={2008}
}

@misc{springboot-wikipedia,
    author = "{Wikipedia contributors}",
    title = "Spring Framework --- {Wikipedia}{,} The Free Encyclopedia",
    year = "2021",
    howpublished = "\url{https://en.wikipedia.org/w/index.php?title=Spring_Framework&oldid=1025577587}",
    note = "[Online; accessed 3-June-2021]"
}

@misc{springboot,
	title = {{Spring Boot}},
	howpublished = {https://spring.io/projects/spring-boot},
	url = {https://spring.io/projects/spring-boot},
	note = "[Online; accessed 3-June-2021]"
}

@misc{krawczyk1997hmac,
  title={HMAC: Keyed-hashing for message authentication},
  author={Krawczyk, Hugo and Bellare, Mihir and Canetti, Ran},
  year={1997},
  publisher={RFc 2104, February}
}

@misc{ hmac-wikipedia,
    author = "{Wikipedia contributors}",
    title = "HMAC --- {Wikipedia}{,} The Free Encyclopedia",
    year = "2021",
    howpublished = "\url{https://en.wikipedia.org/w/index.php?title=HMAC&oldid=1023601422}",
    note = "[Online; accessed 3-June-2021]"
}


@misc{bibtex,
	title = {{CTAN}: {Package} bibtex},
	url = {https://ctan.org/pkg/bibtex},
    note = "[Online; accessed 3-June-2021]"
}